<record><leader>00000cas a22000007a 4500</leader><controlfield tag="001">19006477</controlfield><controlfield tag="008">890111d19681976iduwr ne      0    0eng d</controlfield><datafield ind1=" " ind2=" " tag="010"><subfield code="a">sn 89055006 </subfield></datafield><datafield ind1=" " ind2=" " tag="040"><subfield code="a">NVB</subfield><subfield code="b">eng</subfield><subfield code="c">NVB</subfield><subfield code="d">OCLCQ</subfield><subfield code="d">OCLCF</subfield><subfield code="d">OCLCO</subfield></datafield><datafield ind1=" " ind2=" " tag="042"><subfield code="a">msc</subfield></datafield><datafield ind1=" " ind2=" " tag="043"><subfield code="a">n-us-id</subfield></datafield><datafield ind1="0" ind2="0" tag="245"><subfield code="a">Valley news-times.</subfield></datafield><datafield ind1=" " ind2=" " tag="260"><subfield code="a">Meridian, Idaho :</subfield><subfield code="b">R. &amp; J. Hunter</subfield></datafield><datafield ind1=" " ind2=" " tag="300"><subfield code="a">v.</subfield></datafield><datafield ind1=" " ind2=" " tag="310"><subfield code="a">Weekly</subfield></datafield><datafield ind1="0" ind2=" " tag="362"><subfield code="a">Vol. 65, no. 26 (Oct. 3, 1968)-v. 74, issue 28 (Oct. 14, 1976).</subfield></datafield><datafield ind1=" " ind2=" " tag="580"><subfield code="a">Formed by the union of: Garden City gazette, and: Boise Valley herald, and: Meridian news-times, and: Kuna herald.</subfield></datafield><datafield ind1=" " ind2="0" tag="651"><subfield code="a">Meridian (Idaho)</subfield><subfield code="v">Newspapers.</subfield></datafield><datafield ind1=" " ind2="7" tag="655"><subfield code="a">Newspapers.</subfield><subfield code="2">fast</subfield><subfield code="0">(OCoLC)fst01423814</subfield></datafield><datafield ind1=" " ind2="7" tag="651"><subfield code="a">Idaho</subfield><subfield code="z">Meridian.</subfield><subfield code="2">fast</subfield><subfield code="0">(OCoLC)fst01220478</subfield></datafield><datafield ind1=" " ind2=" " tag="752"><subfield code="a">United States</subfield><subfield code="b">Idaho</subfield><subfield code="c">Ada</subfield><subfield code="d">Meridian.</subfield></datafield><datafield ind1="1" ind2="4" tag="780"><subfield code="d">Garden City gazette</subfield><subfield code="w">(DLC)sn 88056040</subfield></datafield><datafield ind1="1" ind2="4" tag="780"><subfield code="d">Boise Valley herald</subfield><subfield code="w">(DLC)sn 88056188</subfield></datafield><datafield ind1="1" ind2="4" tag="780"><subfield code="d">Meridian news-times</subfield><subfield code="w">(DLC)sn 89055005</subfield></datafield><datafield ind1="1" ind2="4" tag="780"><subfield code="d">Kuna herald</subfield><subfield code="w">(DLC)sn 89055002</subfield></datafield><datafield ind1="0" ind2="0" tag="785"><subfield code="d">Valley news</subfield><subfield code="w">(DLC)sn 89055007</subfield></datafield></record>